<?xml version="1.0" encoding="UTF-8"?><collection xmlns="http://www.loc.gov/MARC21/slim"><record><leader>00360nam--2200133-i-4500</leader><controlfield tag="001">000018888</controlfield><controlfield tag="002">20161230</controlfield><controlfield tag="005">20161230201032</controlfield><controlfield tag="008">060222s1000------------r-----000-0-eng-d</controlfield><datafield ind1=" " ind2=" " tag="100"><subfield code="a">Eilon, Samuel</subfield></datafield><datafield ind1=" " ind2=" " tag="245"><subfield code="a">Hall, roger i., king, john r</subfield></datafield><datafield ind1=" " ind2=" " tag="260"><subfield code="a">Exercises In Industrial Management.A Series Of Case Studies</subfield></datafield><datafield ind1=" " ind2=" " tag="490"><subfield code="a">Studies In Management</subfield></datafield><datafield ind1=" " ind2=" " tag="852"><subfield code="a">65.01</subfield></datafield></record></collection>